@inproceedings{clerc2017pointless,
  title={Pointless learning},
  author={Clerc, Florence and Danos, Vincent and Dahlqvist, Fredrik and Garnier, Ilias},
  booktitle={Foundations of Software Science and Computation Structures: 20th International Conference, FOSSACS 2017, Held as Part of the European Joint Conferences on Theory and Practice of Software, ETAPS 2017, Uppsala, Sweden, April 22-29, 2017, Proceedings 20},
  pages={355--369},
  year={2017},
  organization={Springer}
}

@article{dahlqvist2018borel,
  title={Borel kernels and their approximation, categorically},
  author={Dahlqvist, Fredrik and Silva, Alexandra and Danos, Vincent and Garnier, Ilias},
  journal={Electronic Notes in Theoretical Computer Science},
  volume={341},
  pages={91--119},
  year={2018},
  publisher={Elsevier}
}

@article{harremoes2011pairs,
  title={On pairs of $ f $-divergences and their joint range},
  author={Harremo{\"e}s, Peter and Vajda, Igor},
  journal={IEEE Transactions on Information Theory},
  volume={57},
  number={6},
  pages={3230--3235},
  year={2011},
  publisher={IEEE}
}

@article{liese2006divergences,
  title={On divergences and informations in statistics and information theory},
  author={Liese, Friedrich and Vajda, Igor},
  journal={IEEE Transactions on Information Theory},
  volume={52},
  number={10},
  pages={4394--4412},
  year={2006},
  publisher={IEEE}
}

@article{liese2012phi,
  title={$\phi$-divergences, sufficiency, Bayes sufficiency, and deficiency},
  author={Liese, Friedrich},
  journal={Kybernetika},
  volume={48},
  number={4},
  pages={690--713},
  year={2012},
  publisher={Institute of Information Theory and Automation AS CR}
}

@inproceedings{pensia2024sample,
  title={The Sample Complexity of Simple Binary Hypothesis Testing},
  author={Pensia, Ankit and Jog, Varun and Loh, Po-Ling},
  booktitle={The Thirty Seventh Annual Conference on Learning Theory},
  year={2024},
  organization={PMLR}
}

@article{perrone2023markov,
  title={Markov categories and entropy},
  author={Perrone, Paolo},
  journal={IEEE Transactions on Information Theory},
  year={2023},
  publisher={IEEE}
}

@article{polyanskiy2024information,
  title={Information theory: From coding to learning},
  author={Polyanskiy, Yury and Wu, Yihong},
  year={2024},
  publisher={Cambridge university press}
}

@inproceedings{raginsky2011shannon,
  title={Shannon meets Blackwell and Le Cam: Channels, codes, and statistical experiments},
  author={Raginsky, Maxim},
  booktitle={2011 IEEE International Symposium on Information Theory Proceedings},
  pages={1220--1224},
  year={2011},
  organization={IEEE}
}

@article{sason2016f,
  title={$ f $-divergence Inequalities},
  author={Sason, Igal and Verd{\'u}, Sergio},
  journal={IEEE Transactions on Information Theory},
  volume={62},
  number={11},
  pages={5973--6006},
  year={2016},
  publisher={IEEE}
}

@article{van2014renyi,
  title={R{\'e}nyi divergence and Kullback-Leibler divergence},
  author={Van Erven, Tim and Harremos, Peter},
  journal={IEEE Transactions on Information Theory},
  volume={60},
  number={7},
  pages={3797--3820},
  year={2014},
  publisher={IEEE}
}

@article{zhou2018non,
  title={Non-asymptotic chernoff lower bound and its application to community detection in stochastic block model},
  author={Zhou, Zhixin and Li, Ping},
  journal={arXiv preprint arXiv:1812.11269},
  year={2018}
}